@book{BTT1,
  author = "E. Sulyok \& E. Jéquier \& L.S. Prod’hom ",
  year = {1973},
  title = {Thermal Balance of the Newborn Infant in a Heat-gaining Environment},
  publisher = {Pediatric Research, 7(11), pp.888–900. doi:10.1203/00006450-197311000-00005.}
}

@book{BTT2,
  author = {Z. Ostrowski \& M. Rojczyk},
  year = {2017},
  title = {Natural convection heat transfer coefficient for newborn baby},
  publisher = {Heat and Mass Transfer, 54(8), pp.2395–2403. doi:10.1007/s00231-017-2200-7.}
}

@book{BTT3,
  author = {M. Mohanharjai},
  year = {2002},
  title = {Fluid and electrolyte concepts in new borns},
  publisher = {Medical Journal, Armed Forces India, 58(2), pp.182–183. doi:10.1016/S0377-1237(02)80075-2}
}

@book{BTT4,
  author = {S.P. Shelov \& American Academy Of Pediatrics },
  year = {2009},
  title = {Caring for your baby and young child: birth to age 5},
  publisher = {New York: Bantam}
}

@book{BTT5,
  author = {I. Sarman \& D. Bolin \& I. Holmér \& R. Tunell},
  year = {2009},
  title = {Assessment of Thermal Conditions in Neonatal Care: Use of a Manikin of Premature Baby Size},
  publisher = {American Journal of Perinatology}
}


@online{BTT7,
    author = "physics.nist.gov. ",
    title = "Composition of AIR, DRY (NEAR SEA LEVEL).",
    url  = "https://physics.nist.gov/cgi-bin/Star/compos.pl?ap104",
    year = "Accessed 29/11/2022"
}

@online{BTT8,
    author = "www.gehealthcare.co.uk",
    title = "Giraffe Incubator Carestation",
    url  = "https://www.gehealthcare.co.uk/products/maternal-infant-care/giraffe-incubator-carestation ",
    year = "Accessed 29/11/2022"
}

@online{BTT9,
    author = "archive.unu.edu",
    title = "Basal metabolism of infants",
    url  = "https://archive.unu.edu/unupress/food2/UID09E/UID09E0E.HTM#:~:text=At\%20thermoneutrality\%2C\%20metabolic\%20rates\%20of ",
    year = "Accessed 29/11/2022"
}

@book{BTT10,
  author = {R.B. Knobel},
  year = {2014},
  title = {Thermal Stability of the Premature Infant in Neonatal Intensive Care},
  publisher = {Newborn and Infant Nursing Reviews, 14(2), pp.72–76. doi:10.1053/j.nainr.2014.03.002}
}


@book{LS1,
  author = {The Cochrane Library},
  year = {2002},
  title = {Servo-control for maintaining abdominal skin temperature at 36C in low birth weight infants (Review)},
  publisher = {Cochrane Database of Systematic Reviews, Issue 1}
}

@book{LS2,
  author = {I.G. Hughes \& T.P. Hase},
  year = {2010},
  title = {Measurements and their Uncertainties},
  publisher = {Oxford University Press, United Kingdom}
}


@online{JG1,
    author = "Andrew Zimmerman Jones",
    title = "What Is Conduction?",
    url  = "https://www.thoughtco.com/conduction-2699115",
    year = "Accessed 28/11/2022"
}

@online{JG2,
    author = "The Editors of Encyclopaedia, Britannica",
    title = "Convection",
    url  = "https://www.britannica.com/science/convection",
    year = "Accessed 28/11/2022."
}

@online{JG3,
    author = "Sirena Rubinoff",
    title = "The Physics of Heat Loss",
    url  = "https://www.networx.com/article/the-physics-of-heat-loss",
    year = "Accessed 28/11/2022."
}

@online{JG5,
    author = "IRISS",
    title = "Why is Field of View (FOV) Critical for Sizing Infrared Inspection",
    url  = "https://iriss.com/articles/why-is-field-of-view-fov-critical-for-sizing-infrared-inspection-windows/#:~:text=Infrared\%20Camera's\%20Field\%20of\%20View&text=A\%20typical\%20FOV\%20is\%2022,determine\%20size\%20of\%20windows\%20needed",
    year = "Accessed 28/11/2022"
}

@book{JG4,
  author = {M. Nemeth & C. Miller & A. Bräuer},
  year = {2021},
  title = {Perioperative Hypothermia in Children},
  publisher = {International Journal of Environmental Research and Public Health, 18(14), 7541}
}

@online{JG6,
    author = "Hyperphysics",
    title = "Saturated Vapour Pressure, Density for Water",
    url  = "http://hyperphysics.phy-astr.gsu.edu/hbase/Kinetic/watvap.html#c1",
    year = "Accessed 1/12/2022"
}


@book{JR1,
  author = {I. Newton},
  year = {1701},
  title = {Scala graduum Caloris. Calorum Descriptiones signa},
  publisher = {Philosophical Transactions of the Royal Society, Vol. 22}
}

@book{JR2,
  author = {Colm T. O’Sullivan},
  year = {1990},
  title = {Newton’s law of cooling—A critical assessment},
  publisher = {American Journal of Physics, Vol. 58, page 957-958.}
}


@book{Longanathan,
  author = {P. Longanathan},
  year = {2022},
  title = {Evaluating heat conservation effects of incubators},
  publisher = {Middlesborough: NHS Foundation Trust}
}
